<?xml version="1.0" encoding="UTF-8" standalone="yes"?>
<Document xmlns="urn:iso:std:iso:20022:tech:xsd:camt.053.001.04">
    <BkToCstmrStmt>
        <GrpHdr>
            <MsgId>MSG-C053-201030075126-01</MsgId>
            <CreDtTm>2020-10-30T07:51:26.974+01:00</CreDtTm>
            <AddtlInf>PRODUCTIVE</AddtlInf>
        </GrpHdr>
        <Stmt>
            <Id>STM-C053-201030075126-01</Id>
            <ElctrncSeqNb>10</ElctrncSeqNb>
            <CreDtTm>2020-10-30T07:51:26.974+01:00</CreDtTm>
            <FrToDt>
                <FrDtTm>2017-01-01T00:00:00.000+01:00</FrDtTm>
                <ToDtTm>2020-10-29T23:59:59.999+01:00</ToDtTm>
            </FrToDt>
            <Acct>
                <Id>
                    <IBAN>CH4080808008919700926</IBAN>
                </Id>
                <Ownr>
                    <Nm>Mint System GmbH</Nm>
                </Ownr>
                <Svcr>
                    <FinInstnId>
                        <Nm>Raiffeisenbank Urnerland</Nm>
                    </FinInstnId>
                </Svcr>
            </Acct>
            <Bal>
                <Tp>
                    <CdOrPrtry>
                        <Cd>OPBD</Cd>
                    </CdOrPrtry>
                </Tp>
                <Amt Ccy="CHF">10261.07</Amt>
                <CdtDbtInd>CRDT</CdtDbtInd>
                <Dt>
                    <Dt>2020-10-26</Dt>
                </Dt>
            </Bal>
            <Bal>
                <Tp>
                    <CdOrPrtry>
                        <Cd>CLBD</Cd>
                    </CdOrPrtry>
                </Tp>
                <Amt Ccy="CHF">51.23</Amt>
                <CdtDbtInd>DBIT</CdtDbtInd>
                <Dt>
                    <Dt>2020-10-29</Dt>
                </Dt>
            </Bal>
            <Ntry>
                <Amt Ccy="CHF">145.1</Amt>
                <CdtDbtInd>DBIT</CdtDbtInd>
                <RvslInd>false</RvslInd>
                <Sts>BOOK</Sts>
                <BookgDt>
                    <Dt>2020-10-26</Dt>
                </BookgDt>
                <ValDt>
                    <Dt>2020-10-26</Dt>
                </ValDt>
                <AcctSvcrRef>12152077403</AcctSvcrRef>
                <BkTxCd>
                    <Domn>
                        <Cd>PMNT</Cd>
                        <Fmly>
                            <Cd>ICDT</Cd>
                            <SubFmlyCd>DMCT</SubFmlyCd>
                        </Fmly>
                    </Domn>
                    <Prtry>
                        <Cd>1000</Cd>
                    </Prtry>
                </BkTxCd>
                <AmtDtls>
                    <TxAmt>
                        <Amt Ccy="CHF">145.1</Amt>
                    </TxAmt>
                </AmtDtls>
                <AddtlNtryInf>E-Banking Auftrag an green.ch AG</AddtlNtryInf>
            </Ntry>
            <Ntry>
                <Amt Ccy="CHF">10000</Amt>
                <CdtDbtInd>DBIT</CdtDbtInd>
                <RvslInd>false</RvslInd>
                <Sts>BOOK</Sts>
                <BookgDt>
                    <Dt>2020-10-27</Dt>
                </BookgDt>
                <ValDt>
                    <Dt>2020-10-27</Dt>
                </ValDt>
                <AcctSvcrRef>12155332213</AcctSvcrRef>
                <BkTxCd>
                    <Domn>
                        <Cd>PMNT</Cd>
                        <Fmly>
                            <Cd>ICDT</Cd>
                            <SubFmlyCd>AUTT</SubFmlyCd>
                        </Fmly>
                    </Domn>
                    <Prtry>
                        <Cd>1000</Cd>
                    </Prtry>
                </BkTxCd>
                <AmtDtls>
                    <TxAmt>
                        <Amt Ccy="CHF">10000</Amt>
                    </TxAmt>
                </AmtDtls>
                <AddtlNtryInf>E-Banking Sammelauftrag aus Einzelzahlungen</AddtlNtryInf>
            </Ntry>
            <Ntry>
                <Amt Ccy="CHF">167.2</Amt>
                <CdtDbtInd>DBIT</CdtDbtInd>
                <RvslInd>false</RvslInd>
                <Sts>BOOK</Sts>
                <BookgDt>
                    <Dt>2020-10-29</Dt>
                </BookgDt>
                <ValDt>
                    <Dt>2020-10-29</Dt>
                </ValDt>
                <AcctSvcrRef>12162804609</AcctSvcrRef>
                <BkTxCd>
                    <Domn>
                        <Cd>PMNT</Cd>
                        <Fmly>
                            <Cd>RDDT</Cd>
                            <SubFmlyCd>PMDD</SubFmlyCd>
                        </Fmly>
                    </Domn>
                    <Prtry>
                        <Cd>1002</Cd>
                    </Prtry>
                </BkTxCd>
                <AmtDtls>
                    <TxAmt>
                        <Amt Ccy="CHF">167.2</Amt>
                    </TxAmt>
                </AmtDtls>
                <AddtlNtryInf>Lastschriftverfahren VISECA CARD SERVICES SA</AddtlNtryInf>
            </Ntry>
        </Stmt>
    </BkToCstmrStmt>
</Document>
